<collection xmlns="http://www.loc.gov/MARC21/slim">
<record>
  <leader>00889nam0a22002051i 450 </leader>
  <controlfield tag="001">IT\ICCU\CNCE\050829</controlfield>
  <controlfield tag="005">20130404000000.0</controlfield>
  <datafield tag="012" ind1=" " ind2=" ">
    <subfield code="a">moic dir- hear lero (C) 1565 (Q)</subfield>
    <subfield code="2">fei</subfield>
  </datafield>
  <datafield tag="100" ind1=" " ind2=" ">
    <subfield code="a">20000508f1565        0itac0103    ba</subfield>
  </datafield>
  <datafield tag="101" ind1=" " ind2=" ">
    <subfield code="a">ITA</subfield>
  </datafield>
  <datafield tag="102" ind1=" " ind2=" ">
    <subfield code="a">IT</subfield>
  </datafield>
  <datafield tag="200" ind1="1" ind2=" ">
    <subfield code="a">Copia de vna lettera venuta vltimamente da Malta, nella quale si narra come quella isola sia miracolosamente liberata dal potentissimo assedio del Turco ... Aggionto di nuouo doi sonetti, vno in laude de la Madonna, &amp; l&apos;altro in laude delli caualieri morti</subfield>
  </datafield>
  <datafield tag="210" ind1=" " ind2=" ">
    <subfield code="d">\non prima del 1565!</subfield>
  </datafield>
  <datafield tag="215" ind1=" " ind2=" ">
    <subfield code="a">\4! c.</subfield>
    <subfield code="d">4ʻ</subfield>
  </datafield>
  <datafield tag="300" ind1=" " ind2=" ">
    <subfield code="a">L&apos;autore e l&apos;anno si ricavano da c. \3!v</subfield>
  </datafield>
  <datafield tag="700" ind1=" " ind2="1">
    <subfield code="a">Juvara,</subfield>
    <subfield code="b">Francesco : di</subfield>
    <subfield code="3">IT\ICCU\CNCA\015947</subfield>
  </datafield>
  <datafield tag="712" ind1="0" ind2="2">
    <subfield code="a">s.n.</subfield>
    <subfield code="3">IT\ICCU\CNCT\000002</subfield>
    <subfield code="4">650</subfield>
  </datafield>
  <datafield tag="801" ind1=" " ind2="3">
    <subfield code="a">IT</subfield>
    <subfield code="b">ICCU</subfield>
    <subfield code="c">20201115</subfield>
  </datafield>
  <datafield tag="899" ind1=" " ind2=" ">
    <subfield code="a">British Library. London</subfield>
    <subfield code="1">UK0001</subfield>
  </datafield>
  <datafield tag="899" ind1=" " ind2=" ">
    <subfield code="a">Biblioteca nazionale Marciana. Venezia</subfield>
    <subfield code="1">VE0049</subfield>
    <subfield code="2">VEA BM</subfield>
  </datafield>
</record>
</collection>
